<record><leader>00000cas a22000007a 4500</leader><controlfield tag="001">11874745</controlfield><controlfield tag="008">850402d18541859wiudn ne      0    0eng c</controlfield><datafield ind1=" " ind2=" " tag="010"><subfield code="a">sn 85040482 </subfield></datafield><datafield ind1=" " ind2=" " tag="040"><subfield code="a">NPV</subfield><subfield code="b">eng</subfield><subfield code="c">NPV</subfield><subfield code="d">DLC</subfield><subfield code="d">NPX</subfield><subfield code="d">MGN</subfield><subfield code="d">CNW</subfield><subfield code="d">OCL</subfield><subfield code="d">DLC</subfield><subfield code="d">UKMGB</subfield><subfield code="d">OCLCQ</subfield><subfield code="d">OCLCF</subfield><subfield code="d">IUL</subfield><subfield code="d">OCL</subfield></datafield><datafield ind1="7" ind2=" " tag="016"><subfield code="a">013917722</subfield><subfield code="2">Uk</subfield></datafield><datafield ind1=" " ind2=" " tag="042"><subfield code="a">pcc</subfield></datafield><datafield ind1=" " ind2=" " tag="043"><subfield code="a">n-us-wi</subfield></datafield><datafield ind1=" " ind2=" " tag="045"><subfield code="a">w5w5</subfield></datafield><datafield ind1="0" ind2="0" tag="050"><subfield code="a">Newspaper 10252</subfield></datafield><datafield ind1=" " ind2=" " tag="052"><subfield code="a">4123</subfield><subfield code="b">D3</subfield></datafield><datafield ind1="0" ind2="0" tag="245"><subfield code="a">Daily Wisconsin patriot.</subfield></datafield><datafield ind1="1" ind2="3" tag="246"><subfield code="a">Daily patriot</subfield></datafield><datafield ind1=" " ind2=" " tag="260"><subfield code="a">Madison, Wis. :</subfield><subfield code="b">Carpenter &amp; Co.,</subfield><subfield code="c">1854-1859.</subfield></datafield><datafield ind1=" " ind2=" " tag="300"><subfield code="a">5 v. :</subfield><subfield code="b">ill. (chiefly advertisements) ;</subfield><subfield code="c">67 cm.</subfield></datafield><datafield ind1=" " ind2=" " tag="310"><subfield code="a">Daily (except Sun.)</subfield></datafield><datafield ind1="0" ind2=" " tag="362"><subfield code="a">Vol. 1, no. 25 (Nov. 28, 1854)-v. 5, no. 77 (July 22, 1859).</subfield></datafield><datafield ind1=" " ind2=" " tag="500"><subfield code="a">Publisher varies.</subfield></datafield><datafield ind1=" " ind2=" " tag="500"><subfield code="a">Editor: S.D. Carpenter, S.H. Carpenter, Nov. 1854-July 25, 1856; S.D. Carpenter, R.A. Law, July 28, 1856-July 3, 1857; S.D. Carpenter, July 4, 1857-Apr. 2, 1859; S.D. Carpenter &amp; G. Hyer, Apr. 4-July 22, 1859.</subfield></datafield><datafield ind1=" " ind2=" " tag="530"><subfield code="a">Also issued on microfilm from The State Historical Society of Wisconsin.</subfield></datafield><datafield ind1=" " ind2=" " tag="580"><subfield code="a">Weekly ed.: Wisconsin patriot (Madison, Wis. : 1854), 1854-May 1856, and: Weekly Wisconsin patriot, June 1856-June 1859, and: Wisconsin patriot (Madison, Wis. : 1859), July 1859.</subfield></datafield><datafield ind1=" " ind2="0" tag="651"><subfield code="a">Dane County (Wis.)</subfield><subfield code="v">Newspapers.</subfield></datafield><datafield ind1=" " ind2="0" tag="651"><subfield code="a">Madison (Wis.)</subfield><subfield code="v">Newspapers.</subfield></datafield><datafield ind1=" " ind2="7" tag="651"><subfield code="a">Wisconsin</subfield><subfield code="z">Dane County.</subfield><subfield code="2">fast</subfield><subfield code="0">(OCoLC)fst01208496</subfield></datafield><datafield ind1=" " ind2="7" tag="651"><subfield code="a">Wisconsin</subfield><subfield code="z">Madison.</subfield><subfield code="2">fast</subfield><subfield code="0">(OCoLC)fst01205840</subfield></datafield><datafield ind1=" " ind2="7" tag="655"><subfield code="a">Newspapers.</subfield><subfield code="2">fast</subfield><subfield code="0">(OCoLC)fst01423814</subfield></datafield><datafield ind1=" " ind2=" " tag="752"><subfield code="a">United States</subfield><subfield code="b">Wisconsin</subfield><subfield code="c">Dane</subfield><subfield code="d">Madison.</subfield></datafield><datafield ind1="1" ind2=" " tag="775"><subfield code="t">Wisconsin patriot (Madison, Wis. : 1854)</subfield><subfield code="w">(DLC)sn 85040487</subfield><subfield code="w">(OCoLC)11876789</subfield></datafield><datafield ind1="1" ind2=" " tag="775"><subfield code="t">Weekly Wisconsin patriot</subfield><subfield code="w">(DLC)sn 85040488</subfield><subfield code="w">(OCoLC)11876834</subfield></datafield><datafield ind1="1" ind2=" " tag="775"><subfield code="t">Wisconsin patriot (Madison, Wis. : 1859)</subfield><subfield code="w">(DLC)sn 85040489</subfield><subfield code="w">(OCoLC)11876888</subfield></datafield><datafield ind1="0" ind2="0" tag="780"><subfield code="t">Daily patriot (Madison, Wis.)</subfield><subfield code="w">(DLC)sn 85040481</subfield><subfield code="w">(OCoLC)11874723</subfield></datafield><datafield ind1="0" ind2="0" tag="785"><subfield code="t">Wisconsin daily patriot</subfield><subfield code="w">(DLC)sn 85040483</subfield><subfield code="w">(OCoLC)11874868</subfield></datafield><datafield ind1="1" ind2=" " tag="029"><subfield code="a">AU@</subfield><subfield code="b">000025801543</subfield></datafield></record>